@article{Weizenbaum:1966:ECP:365153.365168,
 author = {Weizenbaum, Joseph},
 title = {ELIZA, a computer program for the study of natural language communication between man and machine},
 journal = {Commun. ACM},
 issue_date = {Jan. 1966},
 volume = {9},
 number = {1},
 month = jan,
 year = {1966},
 issn = {0001-0782},
 pages = {36--45},
 numpages = {10},
 url = {http://doi.acm.org/10.1145/365153.365168},
 doi = {10.1145/365153.365168},
 acmid = {365168},
 publisher = {ACM},
 address = {New York, NY, USA},
} 

@book{Jokinen2009,
  author    = {Kristiina Jokinen and
               Michael F. McTear},
  title     = {Spoken Dialogue Systems},
  booktitle = {Spoken Dialogue Systems},
  publisher = {Morgan {\&} Claypool Publishers},
  series    = {Synthesis Lectures on Human Language Technologies},
  year      = {2009},
  ee        = {http://dx.doi.org/10.2200/S00204ED1V01Y200910HLT005},
  bibsource = {DBLP, http://dblp.uni-trier.de}
}

@inproceedings{Seneff:2000:DMM:1605285.1605288,
 author = {Seneff, Stephanie and Polifroni, Joseph},
 title = {Dialogue management in the Mercury flight reservation system},
 booktitle = {Proceedings of the ANLP-NAACL 2000 Workshop on Conversational Systems},
 series = {ConversationalSys '00},
 year = {2000},
 location = {Seattle, Washington},
 pages = {11--16},
 numpages = {6},
 url = {http://dl.acm.org/citation.cfm?id=1605285.1605288},
 acmid = {1605288},
 publisher = {Association for Computational Linguistics},
 address = {Stroudsburg, PA, USA},
} 

@INPROCEEDINGS{Gabsdil03clarificationin,
	author = {M Gabsdil},
	title = {Clarification in spoken dialogue systems},
	booktitle = {In AAAI},
	year = {2003}
}

@inproceedings{2095408,
  author       = {Fern\'andez, Raquel and Larsson, Staffan and Cooper, Robin and Ginzburg, Jonathan and Schlangen, David},
  language     = {English},
  series       = {Proceedings of the IJCAI 2011 Workshop on Agents Learning Interactively from Human Teachers (ALIHT 2011)},
  title        = {Reciprocal Learning via Dialogue Interaction: Challenges and Prospects},
  year         = {2011},
}
